<?xml version="1.0" encoding="UTF-8" ?>
<collection xmlns:xsi="http://www.w3.org/2001/XMLSchema-instance"
    xsi:schemaLocation="http://www.loc.gov/MARC21/slim
        http://www.loc.gov/standards/marcxml/schema/MARC21slim.xsd"
    xmlns="http://www.loc.gov/MARC21/slim">
<record>
  <leader>00257cam a2200493 ia4500</leader>
  <controlfield tag="001">b12597661</controlfield>
  <controlfield tag="003">LeBAU</controlfield>
  <controlfield tag="005">20181219</controlfield>
  <controlfield tag="008">110524s1925    ua            ||1 0 ara d</controlfield>
  <datafield tag="035" ind1=" " ind2=" ">
    <subfield code="a">ocn784423313</subfield>
  </datafield>
  <datafield tag="040" ind1=" " ind2=" ">
    <subfield code="a">LEAUB</subfield>
    <subfield code="b">ara</subfield>
    <subfield code="e">rda</subfield>
    <subfield code="c">LEAUB</subfield>
    <subfield code="d">LEAUB</subfield>
  </datafield>
  <datafield tag="082" ind1="0" ind2="4">
    <subfield code="a">892.709</subfield>
    <subfield code="2">23</subfield>
  </datafield>
  <datafield tag="100" ind1="1" ind2=" ">
    <subfield code="6">880-01</subfield>
    <subfield code="a">Ḥuṣrī, Ibrāhīm ibn ʻAlī,</subfield>
    <subfield code="d">-1022,</subfield>
    <subfield code="e">author.</subfield>
  </datafield>
  <datafield tag="245" ind1="1" ind2="0">
    <subfield code="6">880-02</subfield>
    <subfield code="a">Zahr al-ādāb wa-thamar al-albāb /</subfield>
    <subfield code="c">li-Abī Isḥāq al-Ḥuṣarī al-Qayrawānī ; mufaṣṣal wa-maḍbūṭ wa-mashrūḥ bi-qalam al-Duktūr Zakī Mubārak</subfield>
  </datafield>
  <datafield tag="264" ind1=" " ind2="1">
    <subfield code="6">880-03</subfield>
    <subfield code="a">Miṣr :</subfield>
    <subfield code="b">al-Maṭbaʻah al-Raḥmānīyah,</subfield>
    <subfield code="c">1344 [H.] = 1925 [M.]</subfield>
  </datafield>
  <datafield tag="300" ind1=" " ind2=" ">
    <subfield code="6">880-04</subfield>
    <subfield code="a">4 volumes ;</subfield>
    <subfield code="c">24 cm</subfield>
  </datafield>
  <datafield tag="336" ind1=" " ind2=" ">
    <subfield code="a">text</subfield>
    <subfield code="b">txt</subfield>
    <subfield code="2">rdacontent</subfield>
  </datafield>
  <datafield tag="337" ind1=" " ind2=" ">
    <subfield code="a">unmediated</subfield>
    <subfield code="b">n</subfield>
    <subfield code="2">rdamedia</subfield>
  </datafield>
  <datafield tag="338" ind1=" " ind2=" ">
    <subfield code="a">volume</subfield>
    <subfield code="b">nc</subfield>
    <subfield code="2">rdacarrier</subfield>
  </datafield>
  <datafield tag="500" ind1=" " ind2=" ">
    <subfield code="a">يتضمن كشافات.</subfield>
  </datafield>
  <datafield tag="588" ind1=" " ind2=" ">
    <subfield code="a">الوصف يستند إلى: الجزء الثاني.</subfield>
  </datafield>
  <datafield tag="590" ind1=" " ind2=" ">
    <subfield code="a">صفحة عنوان الجزء الأول مفتقدة.</subfield>
  </datafield>
  <datafield tag="650" ind1=" " ind2="4">
    <subfield code="a">الأدب العربي</subfield>
    <subfield code="y">750-1258</subfield>
    <subfield code="v">اعمال قديمة حتى 1800.</subfield>
  </datafield>
  <datafield tag="650" ind1=" " ind2="4">
    <subfield code="a">الادب الاسلامي العربي</subfield>
    <subfield code="v">اعمال قديمة حتى 1800.</subfield>
  </datafield>
  <datafield tag="650" ind1=" " ind2="0">
    <subfield code="a">Arabic literature</subfield>
    <subfield code="y">750-1258</subfield>
    <subfield code="v">Early works to 1800.</subfield>
  </datafield>
  <datafield tag="650" ind1=" " ind2="0">
    <subfield code="a">Islamic literature, Arabic</subfield>
    <subfield code="v">Early works to 1800.</subfield>
  </datafield>
  <datafield tag="700" ind1="0" ind2=" ">
    <subfield code="6">880-05</subfield>
    <subfield code="a">Zakī Mubārak,</subfield>
    <subfield code="e">compiler.</subfield>
  </datafield>
  <datafield tag="770" ind1="0" ind2="8">
    <subfield code="6">880-07</subfield>
    <subfield code="i">is sequel</subfield>
    <subfield code="4">http://rdaregistry.info/Elements/w/P10020 :</subfield>
    <subfield code="a">Ḥuṣrī, Ibrāhīm ibn ʻAlī, -1022.</subfield>
    <subfield code="t">Dhayl zahr al-ādāb, aw, Jamʻ al-jawāhir fī al-mulaḥ wa al-nawādir.</subfield>
    <subfield code="d">Miṣr : al-Maṭbaʻah al-Raḥmānīyah, 1353 H., [1934? M.]</subfield>
    <subfield code="w">(OCoLC)784423311</subfield>
    <subfield code="w">(OCoLC)784423311</subfield>
  </datafield>
  <datafield tag="775" ind1="0" ind2="8">
    <subfield code="6">880-06</subfield>
    <subfield code="i">has designation of edition</subfield>
    <subfield code="4">http://rdaregistry.info/Elements/m/P30133 :</subfield>
    <subfield code="t">Zahr al-ādāb wa-thamar al-albāb.</subfield>
    <subfield code="b">al-Ṭabʻah al-rābiʻah.</subfield>
    <subfield code="d">Bayrūt, Lubnān : Dār al-Jīl lil-Nashr wa-al-Tawzīʻ wa-al-Ṭibāʻah, 1972</subfield>
    <subfield code="w">(LEAUB)b19188997</subfield>
  </datafield>
  <datafield tag="852" ind1=" " ind2=" ">
    <subfield code="a">Jafet Library</subfield>
    <subfield code="e">American University of Beirut, Bliss Street, Beirut, Lebanon.‎</subfield>
  </datafield>
  <datafield tag="880" ind1="1" ind2=" ">
    <subfield code="6">100-01/(3/r</subfield>
    <subfield code="a">الحصري، ابراهيم بن علي،</subfield>
    <subfield code="d">-1022،</subfield>
    <subfield code="e">مؤلف. </subfield>
    <subfield code="4">aut.</subfield>
  </datafield>
  <datafield tag="880" ind1="1" ind2="0">
    <subfield code="6">245-02/(3/r</subfield>
    <subfield code="a">زهر الآداب وثمر الألباب /</subfield>
    <subfield code="c">لأبي إسحق الحصري القيرواني ؛ مفصل ومضبوط ومشروح بقلم الدكتور زكي مبارك.</subfield>
  </datafield>
  <datafield tag="880" ind1=" " ind2="1">
    <subfield code="6">264-03/(3/r</subfield>
    <subfield code="a">مصر :</subfield>
    <subfield code="b">المطبعة الرحمانية،</subfield>
    <subfield code="c">1344 [هـ.] = 1925 [م.]</subfield>
  </datafield>
  <datafield tag="880" ind1=" " ind2=" ">
    <subfield code="6">300-04/(3/r</subfield>
    <subfield code="a">4 أجزاء ؛</subfield>
    <subfield code="c">24 سم</subfield>
  </datafield>
  <datafield tag="880" ind1="0" ind2=" ">
    <subfield code="6">700-05/(3/r</subfield>
    <subfield code="a">زكي مبارك،</subfield>
    <subfield code="e">معد. </subfield>
    <subfield code="4">com.</subfield>
  </datafield>
  <datafield tag="880" ind1="0" ind2="8">
    <subfield code="6">775-06/(3/r</subfield>
    <subfield code="i">دلالة على الطبعة</subfield>
    <subfield code="4">http://rdaregistry.info/Elements/m/P30133 :</subfield>
    <subfield code="t">زهر الآداب وثمر الألباب.</subfield>
    <subfield code="b">الطبعة الرابعة.</subfield>
    <subfield code="d">بيروت، لبنان : دار الجيل للنشر والتوزيع والطباعة، 1972</subfield>
    <subfield code="w">(LEAUB)b19188997</subfield>
  </datafield>
  <datafield tag="880" ind1="0" ind2="8">
    <subfield code="6">770-07/(3/r</subfield>
    <subfield code="i">له ذيل</subfield>
    <subfield code="4">http://rdaregistry.info/Elements/w/P10020 :</subfield>
    <subfield code="a">الحصري، ابراهيم بن علي، -1022.</subfield>
    <subfield code="t">ذيل زهر الآداب، أو، جمع الجواهر في الملح والنوادر.</subfield>
    <subfield code="d">مصر : المطبعة الرحمانية، 1353 هـ.، [1934؟ م.]</subfield>
    <subfield code="w">(LEAUB)b12597648</subfield>
    <subfield code="w">(OCoLC)784423311</subfield>
  </datafield>
  <datafield tag="907" ind1=" " ind2=" ">
    <subfield code="a">.b12597661</subfield>
    <subfield code="b">19-01-18</subfield>
    <subfield code="c">11-05-24</subfield>
  </datafield>
  <datafield tag="907" ind1=" " ind2=" ">
    <subfield code="a">.b12597661</subfield>
    <subfield code="b">15-10-15</subfield>
    <subfield code="c">11-05-24</subfield>
  </datafield>
  <datafield tag="945" ind1=" " ind2=" ">
    <subfield code="f">J</subfield>
    <subfield code="a">892.709:Ha4121zmA:v.1</subfield>
    <subfield code="i">01041486</subfield>
    <subfield code="j">.i13112612</subfield>
    <subfield code="l">u0503</subfield>
  </datafield>
  <datafield tag="945" ind1=" " ind2=" ">
    <subfield code="f">J</subfield>
    <subfield code="a">892.709:Ha4121zmA:v.2</subfield>
    <subfield code="i">01041487</subfield>
    <subfield code="j">.i13112624</subfield>
    <subfield code="l">u0503</subfield>
  </datafield>
  <datafield tag="945" ind1=" " ind2=" ">
    <subfield code="f">J</subfield>
    <subfield code="a">892.709:Ha4121zmA:v.3</subfield>
    <subfield code="i">01041488</subfield>
    <subfield code="j">.i13112636</subfield>
    <subfield code="l">u0503</subfield>
  </datafield>
  <datafield tag="945" ind1=" " ind2=" ">
    <subfield code="f">J</subfield>
    <subfield code="a">892.709:Ha4121zmA:v.4</subfield>
    <subfield code="i">01041489</subfield>
    <subfield code="j">.i13112648</subfield>
    <subfield code="l">u0503</subfield>
  </datafield>
  <datafield tag="998" ind1=" " ind2=" ">
    <subfield code="a">u05</subfield>
    <subfield code="b">97-08-21</subfield>
    <subfield code="c">m</subfield>
    <subfield code="d">a  </subfield>
    <subfield code="e">-</subfield>
    <subfield code="f">ara</subfield>
    <subfield code="g">ua </subfield>
    <subfield code="h">0</subfield>
    <subfield code="i">4</subfield>
  </datafield>
</record>
</collection>
